<?xml version="1.0" encoding="UTF-8"?>
<record xmlns="http://www.loc.gov/MARC21/slim">
   <leader>01302cam a2200373 a 4500</leader>
   <controlfield tag="001">3788467</controlfield>
   <controlfield tag="003">NjP</controlfield>
   <controlfield tag="005">20180228175056.0</controlfield>
   <controlfield tag="008">020716s1990    ir       b    000 0 ara d</controlfield>
   <datafield tag="024" ind1="7" ind2=" ">
      <subfield code="a">princeton_aco003516</subfield>
      <subfield code="2">local</subfield>
   </datafield>
   <datafield ind1=" " ind2=" " tag="010">
      <subfield code="a">  2002362282</subfield>
   </datafield>
   <datafield ind1=" " ind2=" " tag="035">
      <subfield code="a">(OCoLC)ocn179084245</subfield>
   </datafield>
   <datafield ind1=" " ind2=" " tag="040">
      <subfield code="a">DLC-R</subfield>
      <subfield code="c">PUL</subfield>
      <subfield code="d">PUL</subfield>
   </datafield>
   <datafield ind1=" " ind2=" " tag="035">
      <subfield code="a">(OCoLC)179084245</subfield>
   </datafield>
   <datafield ind1=" " ind2=" " tag="035">
      <subfield code="a">(CStRLIN)DCLN02-B4754</subfield>
   </datafield>
   <datafield ind1=" " ind2=" " tag="035">
      <subfield code="a">(NjP)3788467</subfield>
   </datafield>
   <datafield ind1=" " ind2=" " tag="042">
      <subfield code="a">lcode</subfield>
   </datafield>
   <datafield ind1="0" ind2="0" tag="050">
      <subfield code="a">BP194.1</subfield>
   </datafield>
   <datafield ind1=" " ind2=" " tag="079">
      <subfield code="a">ocm50570092</subfield>
   </datafield>
   <datafield ind1=" " ind2=" " tag="049">
      <subfield code="a">PULL</subfield>
   </datafield>
   <datafield ind1="1" ind2=" " tag="100">
      <subfield code="6">880-01</subfield>
      <subfield code="a">Ḥasan, ʻAbd al-Munʻim.</subfield>
   </datafield>
   <datafield ind1="1" ind2="0" tag="245">
      <subfield code="6">880-02</subfield>
      <subfield code="a">Bi-nūr Fāṭimah ihtadayt /</subfield>
      <subfield code="c">ʻAbd al-Munʻim Ḥasan.</subfield>
   </datafield>
   <datafield ind1=" " ind2=" " tag="260">
      <subfield code="a">[Qom? :</subfield>
      <subfield code="b">s.n.,</subfield>
      <subfield code="c">between 1990 and 1999]</subfield>
   </datafield>
   <datafield ind1=" " ind2=" " tag="300">
      <subfield code="a">278 p. ;</subfield>
      <subfield code="c">23 cm.</subfield>
   </datafield>
   <datafield ind1=" " ind2=" " tag="504">
      <subfield code="a">Includes bibliographical references (p. 271-272).</subfield>
   </datafield>
   <datafield ind1=" " ind2="0" tag="650">
      <subfield code="a">Shiʻah</subfield>
      <subfield code="x">Apologetic works.</subfield>
   </datafield>
   <datafield ind1=" " ind2="0" tag="650">
      <subfield code="a">Sunnites</subfield>
      <subfield code="x">Controversial literature.</subfield>
   </datafield>
   <datafield ind1="0" ind2="0" tag="600">
      <subfield code="a">Fāṭimah,</subfield>
      <subfield code="d">-632 or 633.</subfield>
      <subfield code="0">http://id.loc.gov/authorities/names/n82010587</subfield>
   </datafield>
   <datafield ind1="1" ind2="0" tag="600">
      <subfield code="6">880-03</subfield>
      <subfield code="a">Ḥasan, ʻAbd al-Munʻim.</subfield>
      <subfield code="0">http://id.loc.gov/authorities/names/n2002152701</subfield>
   </datafield>
   <datafield ind1="1" ind2=" " tag="880">
      <subfield code="6">100-01/r</subfield>
      <subfield code="a">حسن، عبد المنعم.</subfield>
   </datafield>
   <datafield ind1="1" ind2="0" tag="880">
      <subfield code="6">245-02/r</subfield>
      <subfield code="a">بنور فاطمة اهتديت /</subfield>
      <subfield code="c">عبد المنعم حسن.</subfield>
   </datafield>
   <datafield ind1="1" ind2="0" tag="880">
      <subfield code="6">600-03/r</subfield>
      <subfield code="a">حسن، عبد المنعم.</subfield>
   </datafield>
   <datafield ind1=" " ind2=" " tag="904">
      <subfield code="a">kc</subfield>
      <subfield code="b">a</subfield>
      <subfield code="h">m</subfield>
      <subfield code="c">b</subfield>
      <subfield code="e">20021125</subfield>
   </datafield>
   <datafield ind1=" " ind2=" " tag="998">
      <subfield code="s">9554</subfield>
   </datafield>
   <datafield ind1=" " ind2=" " tag="994">
      <subfield code="a">C0</subfield>
      <subfield code="b">PUL</subfield>
   </datafield>
   <datafield ind1=" " ind2=" " tag="999">
      <subfield code="a">3788467</subfield>
   </datafield>
   <datafield ind1="0" ind2=" " tag="852">
      <subfield code="0">4094629</subfield>
      <subfield code="b">rcppa</subfield>
      <subfield code="h">BP194.1</subfield>
      <subfield code="i">.H372 1990z</subfield>
      <subfield code="x">tr fr arab</subfield>
   </datafield>
   <datafield ind1=" " ind2=" " tag="959">
      <subfield code="a">2002-11-25 15:02:28 -0400</subfield>
   </datafield>
</record>
